<?xml version="1.0" encoding="UTF-8" ?>
<record Numero="14015140" format="InterXMarc_Complet" type="Authority">
<leader>00944c0 au22000272  45  <Pos Code="0004">00944</Pos>
<Pos Code="05" Sens="notice modifiée">c</Pos>
<Pos Code="06" Sens="notice validée par les services d&apos;autorité">0</Pos>
<Pos Code="08" Sens="notice d&apos;autorité">a</Pos>
<Pos Code="09" Sens="titre uniforme musical (TUM)">u</Pos>
<Pos Code="10">2</Pos>
<Pos Code="11">2</Pos>
<Pos Code="1216">00027</Pos>
<Pos Code="17" Sens="autres cas">2</Pos>
<Pos Code="20">4</Pos>
<Pos Code="21">5</Pos>
</leader>
<controlfield tag="001">FRBNF140151406<Pos Code="0001">FR</Pos>
<Pos Code="0204">BNF</Pos>
<Pos Code="0512">14015140</Pos>
<Pos Code="13">6</Pos>
</controlfield>
<controlfield tag="008">981028130320yy    dui       18490211  18490213?              1   <Pos Code="0001">98</Pos>
<Pos Code="0203">10</Pos>
<Pos Code="0405">28</Pos>
<Pos Code="0607">13</Pos>
<Pos Code="0809">03</Pos>
<Pos Code="1011">20</Pos>
<Pos Code="1213" Sens="ne s&apos;applique pas">yy</Pos>
<Pos Code="1820" Sens="duo instrumental">dui</Pos>
<Pos Code="2831">1849</Pos>
<Pos Code="3233">02</Pos>
<Pos Code="3435">11</Pos>
<Pos Code="3841">1849</Pos>
<Pos Code="4243">02</Pos>
<Pos Code="4445">13</Pos>
<Pos Code="46" Sens="Date incertaine">?</Pos>
<Pos Code="61" Sens="La vedette peut être liée à une notice bibliographique sauf pour l&apos;accès matière RAMEAU">1</Pos>
</controlfield>
<datafield tag="048" ind1=" " ind2=" ">
	<subfield code="a">wc01<Pos Code="0001" Sens="instruments à vent - clarinette">wc</Pos>
<Pos Code="02">0</Pos>
<Pos Code="03">1</Pos>
</subfield>
	<subfield code="a">sa01<Pos Code="0001" Sens="cordes frottées - violon">sa</Pos>
<Pos Code="02">0</Pos>
<Pos Code="03">1</Pos>
</subfield>
	<subfield code="a">sc01<Pos Code="0001" Sens="cordes frottées - violoncelle">sc</Pos>
<Pos Code="02">0</Pos>
<Pos Code="03">1</Pos>
</subfield>
	<subfield code="a">ka01<Pos Code="0001" Sens="clavier - piano">ka</Pos>
<Pos Code="02">0</Pos>
<Pos Code="03">1</Pos>
</subfield>
</datafield>
<datafield tag="100" ind1=" " ind2=" ">
	<subfield code="3">13899567</subfield>
	<subfield code="w">.0..b.....</subfield>
	<subfield code="a">Schumann</subfield>
	<subfield code="m">Robert</subfield>
	<subfield code="d">1810-1856</subfield>
</datafield>
<datafield tag="144" ind1="1" ind2=" ">
	<subfield code="w">....b.ger.</subfield>
	<subfield code="a">Fantasiestücke</subfield>
	<subfield code="b">Clarinette ou violon ou violoncelle, piano</subfield>
	<subfield code="p">Op. 73</subfield>
</datafield>
<datafield tag="444" ind1="1" ind2=" ">
	<subfield code="w">....b.ger.</subfield>
	<subfield code="a">Drei Fantasiestücke</subfield>
	<subfield code="b">Clarinette ou violon ou violoncelle, piano</subfield>
	<subfield code="p">Op. 73</subfield>
</datafield>
<datafield tag="444" ind1="1" ind2=" ">
	<subfield code="w">....b.ger.</subfield>
	<subfield code="a">Phantasiestücke</subfield>
	<subfield code="b">Clarinette ou violon ou violoncelle, piano</subfield>
	<subfield code="p">Op. 73</subfield>
</datafield>
<datafield tag="444" ind1="1" ind2=" ">
	<subfield code="w">....b.ger.</subfield>
	<subfield code="a">Soiréestücke</subfield>
	<subfield code="p">Op. 73</subfield>
</datafield>
<datafield tag="600" ind1=" " ind2=" ">
	<subfield code="a">Date de composition : Dresde, 11-13 (ou 15 ?) février 1849</subfield>
	<subfield code="a">1re exécution : Leipzig, 14 janvier 1850</subfield>
</datafield>
<datafield tag="608" ind1=" " ind2=" ">
	<subfield code="a">Clarinette ou violon ou violoncelle</subfield>
</datafield>
<datafield tag="610" ind1=" " ind2=" ">
	<subfield code="a">McCorkle, Schumann : Drei Fantasiestücke</subfield>
</datafield>
<datafield tag="610" ind1=" " ind2=" ">
	<subfield code="a">Grove music online</subfield>
	<subfield code="u">http://www.grovemusic.com</subfield>
	<subfield code="d">2006-03-06</subfield>
	<subfield code="a">Grove 6 : Phantasiestücke</subfield>
</datafield>
<datafield tag="917" ind1=" " ind2=" ">
	<subfield code="o">OPC</subfield>
	<subfield code="a">100489240</subfield>
</datafield>
<datafield tag="917" ind1=" " ind2=" ">
	<subfield code="o">OPC</subfield>
	<subfield code="a">101549820</subfield>
</datafield>
<datafield tag="917" ind1=" " ind2=" ">
	<subfield code="o">OPC</subfield>
	<subfield code="a">101549830</subfield>
</datafield>
<datafield tag="917" ind1=" " ind2=" ">
	<subfield code="o">OPC</subfield>
	<subfield code="a">101549850</subfield>
</datafield>
<datafield tag="917" ind1=" " ind2=" ">
	<subfield code="o">OPD</subfield>
	<subfield code="a">100759090</subfield>
	<subfield code="b">ATUM</subfield>
</datafield>
<datafield tag="996" ind1=" " ind2=" ">
	<subfield code="o">OPP</subfield>
	<subfield code="a">16303134</subfield>
	<subfield code="d">20130320</subfield>
</datafield>
<Alter Ori="13899567">
<datafield tag="400" ind1=" " ind2=" ">
	<subfield code="w">....b.....</subfield>
	<subfield code="a">Schumann</subfield>
	<subfield code="m">Robert Alexander</subfield>
	<subfield code="d">1810-1856</subfield>
</datafield>
</Alter>
<Attr Nom="IDPerenne">ark:/12148/cb14015140n</Attr>
<Attr Nom="NumSource">OPC 100489240</Attr>
<Attr Nom="Source" Sens="BnF catalogue général (depuis 1999)">A</Attr>
<Attr Nom="NumAutoriteLiee">13899567</Attr>
<Attr Nom="DateCreation">28/10/ 1998</Attr>
<Attr Nom="ResponsableCreation">MIGV2</Attr>
<Attr Nom="StructCreation">1</Attr>
<Attr Nom="DateDerniereValidation">20/03/ 2013</Attr>
<Attr Nom="ResponsableDerniereValidation">SERRES CATHERINE</Attr>
<Attr Nom="StructPremiereValidation">1</Attr>
<Attr Nom="DatePremiereValidation">28/10/ 1998</Attr>
<Attr Nom="ResponsablePremiereValidation">MIGV2</Attr>
<Attr Nom="StructDerniereValidation">82</Attr>
<Attr Nom="NumSource" Rep="1">OPC 101549820</Attr>
<Attr Nom="NumSource" Rep="2">OPC 101549830</Attr>
<Attr Nom="NumSource" Rep="3">OPC 101549850</Attr>
<Attr Nom="NumSource" Rep="4">OPD 100759090</Attr>
<Attr Nom="NumSource" Rep="5">OPP 16303134</Attr>
</record>
